<?xml version="1.0" encoding="UTF-8"?><collection xmlns="http://www.loc.gov/MARC21/slim"><record><leader>00532nam--2200181-u-4500</leader><controlfield tag="001">000054213</controlfield><controlfield tag="002">20161230</controlfield><controlfield tag="005">20161230201051</controlfield><controlfield tag="008">110916s1000------------r-----000-0-ger-d</controlfield><datafield ind1=" " ind2=" " tag="040"><subfield code="a">IFIN-HH</subfield></datafield><datafield ind1=" " ind2=" " tag="041"><subfield code="a">ger</subfield></datafield><datafield ind1=" " ind2=" " tag="080"><subfield code="a">537.533.35</subfield></datafield><datafield ind1="1" ind2=" " tag="100"><subfield code="a">Pfefferkorn, Gerhard</subfield></datafield><datafield ind1="1" ind2="0" tag="245"><subfield code="a">Beitrage zur electronenmikrokospischen direktabbildung von oberflachen</subfield><subfield code="b">Band 16</subfield><subfield code="c">Gerhard vpfefferkorn</subfield></datafield><datafield ind1=" " ind2=" " tag="260"><subfield code="a">Munster</subfield><subfield code="b">Institut Fur Medizinische Physik</subfield><subfield code="c">1983</subfield></datafield><datafield ind1=" " ind2=" " tag="300"><subfield code="a">594P</subfield></datafield><datafield ind1=" " ind2=" " tag="852"><subfield code="a">81220</subfield><subfield code="c">537.533.35</subfield></datafield><datafield ind1=" " ind2=" " tag="CAT"><subfield code="a">Sys</subfield><subfield code="c">20110916</subfield><subfield code="h">125053</subfield></datafield></record></collection>